<collection xmlns="http://www.loc.gov/MARC21/slim">
<record>
  <leader>01217nam0a22002651i 450 </leader>
  <controlfield tag="001">IT\ICCU\CNCE\079966</controlfield>
  <controlfield tag="005">20181012000000.0</controlfield>
  <datafield tag="012" ind1=" " ind2=" ">
    <subfield code="a">o.en ++++ ++++ ++++ (C) 1548 (Q)</subfield>
    <subfield code="2">fei</subfield>
  </datafield>
  <datafield tag="100" ind1=" " ind2=" ">
    <subfield code="a">20181012f1548        0itac0103    ba</subfield>
  </datafield>
  <datafield tag="101" ind1=" " ind2=" ">
    <subfield code="a">ITA</subfield>
  </datafield>
  <datafield tag="102" ind1=" " ind2=" ">
    <subfield code="a">IT</subfield>
  </datafield>
  <datafield tag="200" ind1="1" ind2=" ">
    <subfield code="a">℗La ℗triomphale entrata del serenissimo prence di Spagna nell&apos;inclitta citta di Melano. Alli XIX di decembre MDXLVIII</subfield>
  </datafield>
  <datafield tag="210" ind1=" " ind2=" ">
    <subfield code="a">In Melano</subfield>
    <subfield code="c">per Innocentio da Cigognera</subfield>
    <subfield code="d">\1548!</subfield>
  </datafield>
  <datafield tag="215" ind1=" " ind2=" ">
    <subfield code="a">\6! c.</subfield>
    <subfield code="d">4ʻ</subfield>
  </datafield>
  <datafield tag="620" ind1=" " ind2=" ">
    <subfield code="a">IT</subfield>
    <subfield code="d">Milano</subfield>
  </datafield>
  <datafield tag="700" ind1=" " ind2="1">
    <subfield code="a">Nobili,</subfield>
    <subfield code="b">Alberto : de</subfield>
    <subfield code="3">IT\ICCU\CNCA\004760</subfield>
  </datafield>
  <datafield tag="712" ind1="0" ind2="0">
    <subfield code="a">Cicognara, Innocenzo</subfield>
    <subfield code="3">IT\ICCU\CNCT\000111</subfield>
    <subfield code="4">650</subfield>
  </datafield>
  <datafield tag="790" ind1=" " ind2="1">
    <subfield code="a">De_Nobili,</subfield>
    <subfield code="b">Alberto</subfield>
    <subfield code="3">IT\ICCU\CNCA\016615</subfield>
    <subfield code="z">Nobili, Alberto : de</subfield>
  </datafield>
  <datafield tag="791" ind1="0" ind2="0">
    <subfield code="a">Cicognara, Nocento da</subfield>
    <subfield code="3">IT\ICCU\CNCT\004592</subfield>
    <subfield code="z">Cicognara, Innocenzo</subfield>
  </datafield>
  <datafield tag="791" ind1="0" ind2="0">
    <subfield code="a">Cicognera, Innocentio de</subfield>
    <subfield code="3">IT\ICCU\CNCT\004594</subfield>
    <subfield code="z">Cicognara, Innocenzo</subfield>
  </datafield>
  <datafield tag="791" ind1="0" ind2="0">
    <subfield code="a">Ciconiara, Innocentius</subfield>
    <subfield code="3">IT\ICCU\CNCT\004596</subfield>
    <subfield code="z">Cicognara, Innocenzo</subfield>
  </datafield>
  <datafield tag="791" ind1="0" ind2="0">
    <subfield code="a">Ciconiarus, Innocentius</subfield>
    <subfield code="3">IT\ICCU\CNCT\004598</subfield>
    <subfield code="z">Cicognara, Innocenzo</subfield>
  </datafield>
  <datafield tag="791" ind1="0" ind2="2">
    <subfield code="a">℗al segno della ℗Cicogna</subfield>
    <subfield code="3">IT\ICCU\CNCT\006420</subfield>
    <subfield code="z">Cicognara, Innocenzo</subfield>
  </datafield>
  <datafield tag="801" ind1=" " ind2="3">
    <subfield code="a">IT</subfield>
    <subfield code="b">ICCU</subfield>
    <subfield code="c">20201115</subfield>
  </datafield>
  <datafield tag="899" ind1=" " ind2=" ">
    <subfield code="a">Biblioteca nazionale Marciana. Venezia</subfield>
    <subfield code="z">MUTILO</subfield>
    <subfield code="1">VE0049</subfield>
    <subfield code="2">VEA BM</subfield>
  </datafield>
</record>
</collection>
